<record><leader>00000cas a2200000 a 4500</leader><controlfield tag="001">11670901</controlfield><controlfield tag="008">850207d19601983maudn ne      0   a0eng c</controlfield><datafield ind1=" " ind2=" " tag="010"><subfield code="a">sn 85047511 </subfield></datafield><datafield ind1=" " ind2=" " tag="040"><subfield code="a">NPI</subfield><subfield code="b">eng</subfield><subfield code="c">NPI</subfield><subfield code="d">HUL</subfield><subfield code="d">NSD</subfield><subfield code="d">NPA</subfield><subfield code="d">DLC</subfield><subfield code="d">OCL</subfield><subfield code="d">MGN</subfield><subfield code="d">KNP</subfield><subfield code="d">MGN</subfield><subfield code="d">CNK</subfield><subfield code="d">FUG</subfield><subfield code="d">MHN</subfield><subfield code="d">NVF</subfield><subfield code="d">CVF</subfield><subfield code="d">DLC</subfield><subfield code="d">OCLCQ</subfield><subfield code="d">OCLCF</subfield><subfield code="d">OCLCO</subfield><subfield code="d">DLC</subfield></datafield><datafield ind1=" " ind2=" " tag="042"><subfield code="a">pcc</subfield></datafield><datafield ind1=" " ind2=" " tag="043"><subfield code="a">n-us-ma</subfield></datafield><datafield ind1="0" ind2="0" tag="050"><subfield code="a">Newspaper</subfield></datafield><datafield ind1="0" ind2=" " tag="130"><subfield code="a">Christian Science monitor (Boston, Mass. : New England ed.)</subfield></datafield><datafield ind1="1" ind2="4" tag="245"><subfield code="a">The Christian Science monitor.</subfield></datafield><datafield ind1=" " ind2=" " tag="250"><subfield code="a">New England ed.</subfield></datafield><datafield ind1=" " ind2=" " tag="260"><subfield code="a">Boston, Mass. :</subfield><subfield code="b">Christian Science Pub. Society,</subfield><subfield code="c">1960-1983.</subfield></datafield><datafield ind1=" " ind2=" " tag="300"><subfield code="a">v.</subfield></datafield><datafield ind1=" " ind2=" " tag="310"><subfield code="a">Daily (except Saturday and Sunday)</subfield></datafield><datafield ind1=" " ind2=" " tag="321"><subfield code="a">Daily (except Sunday)</subfield></datafield><datafield ind1="0" ind2=" " tag="362"><subfield code="a">Vol. 52, no. 280 (Oct. 24, 1960)-v. 75, no. 217 (Sept. 30, 1983).</subfield></datafield><datafield ind1=" " ind2=" " tag="530"><subfield code="a">Also issued on microfilm by Graphic Microfilm of New England.</subfield></datafield><datafield ind1=" " ind2=" " tag="580"><subfield code="a">Merged with: Christian Science monitor (Boston, Mass. : Central ed.), and: Christian Science monitor (Boston, Mass. : Eastern ed.), and: Christian Science monitor (Boston, Mass. : Western ed.), to form: Christian Science monitor (Boston, Mass. : 1983).</subfield></datafield><datafield ind1=" " ind2="0" tag="651"><subfield code="a">Boston (Mass.)</subfield><subfield code="v">Newspapers.</subfield></datafield><datafield ind1=" " ind2="7" tag="651"><subfield code="a">Massachusetts</subfield><subfield code="z">Boston.</subfield><subfield code="2">fast</subfield><subfield code="0">(OCoLC)fst01205012</subfield></datafield><datafield ind1=" " ind2="7" tag="655"><subfield code="a">Newspapers.</subfield><subfield code="2">fast</subfield><subfield code="0">(OCoLC)fst01423814</subfield></datafield><datafield ind1="2" ind2=" " tag="710"><subfield code="a">Christian Science Publishing Society.</subfield></datafield><datafield ind1=" " ind2=" " tag="752"><subfield code="a">United States</subfield><subfield code="b">Massachusetts</subfield><subfield code="c">Suffolk</subfield><subfield code="d">Boston.</subfield></datafield><datafield ind1="0" ind2=" " tag="775"><subfield code="t">Christian Science monitor (Boston, Mass. : Central ed.)</subfield><subfield code="w">(DLC)sn 83045139</subfield><subfield code="w">(OCoLC)9357677</subfield></datafield><datafield ind1="0" ind2=" " tag="775"><subfield code="t">Christian Science monitor (Boston, Mass. : Eastern ed.)</subfield><subfield code="w">(DLC)sn 84035651</subfield><subfield code="w">(OCoLC)2621177</subfield></datafield><datafield ind1="0" ind2=" " tag="775"><subfield code="t">Christian Science monitor (Boston, Mass. : Western ed.)</subfield><subfield code="w">(DLC)sn 88087054</subfield><subfield code="w">(OCoLC)3529267</subfield></datafield><datafield ind1="0" ind2="1" tag="780"><subfield code="t">Christian Science monitor (Boston, Mass. : Atlantic ed.)</subfield><subfield code="x">2573-3818</subfield><subfield code="w">(DLC)sn 83045138</subfield><subfield code="w">(OCoLC)1554488</subfield></datafield><datafield ind1="1" ind2="7" tag="785"><subfield code="t">Christian Science monitor (Boston, Mass. : Central ed.)</subfield><subfield code="w">(DLC)sn 83045139</subfield><subfield code="w">(OCoLC)9357677</subfield></datafield><datafield ind1="1" ind2="7" tag="785"><subfield code="t">Christian Science monitor (Boston, Mass. : Eastern ed.)</subfield><subfield code="x">2573-3842</subfield><subfield code="w">(DLC)sn 84035651</subfield><subfield code="w">(OCoLC)2621177</subfield></datafield><datafield ind1="1" ind2="7" tag="785"><subfield code="t">Christian Science monitor (Boston, Mass. : Western ed.)</subfield><subfield code="w">(DLC)sn 88087054</subfield><subfield code="w">(OCoLC)3529267</subfield></datafield><datafield ind1="1" ind2="7" tag="785"><subfield code="t">Christian Science monitor (Boston, Mass. : 1983)</subfield><subfield code="x">0882-7729</subfield><subfield code="w">(DLC)sn 85047512</subfield><subfield code="w">(OCoLC)10969332</subfield></datafield><datafield ind1="1" ind2=" " tag="029"><subfield code="a">AU@</subfield><subfield code="b">000003896037</subfield></datafield></record>